
@misc{whatisdatacenter,
	author={EPI},
	title = {What is a Data Centre},
	year={2015-08-31},
	howpublished = {\url{http://www.epi-ap.com/content/28/48/What_is_a_Data_Centre}}
	
	
}

@misc{odooWiki,
	author={OpenERPSpain},
	title={¿Qué es OpenERP?},
	year={2015-09-27},
	howpublished = {\url{http://openerpspain.com/openerp/que-es-openerp}}
	
}

@incollection{srinivasan2014cloud,
	title={Cloud Computing Evolution},
	author={Srinivasan, S},
	booktitle={Cloud Computing Basics},
	pages={1-16},
	year={2014},
	publisher={Springer},
	note={Recuperado 2015-08-31}
}
@incollection{nishant,
	title={Pre-Emptable Shortest Job Next Scheduling In Private Cloud Computing” in journal of information, knowledge and research computer engineering},
	author={Nishant, Sanghant and R.,Khimani},
	booktitle={Knowledge and research computer engineering},
	year = {2015},
	note={Recuperado 2015-08-20}
}
@Article{armbrust2010view,
	title={A view of cloud computing},
	author={Armbrust, Michael and Fox, Armando and Griffith, Rean and Joseph, Anthony D. and Katz, Randy and Konwinski, Andy and Lee, Gunho and Patterson, David and Rabkin, Ariel and Stoica, Ion and others},
	journal={Communications of the ACM},
	volume={53},
	number={4},
	pages={50--58},
	year={2010},
	publisher={ACM}
}
@article{chen2009cloud,
	title={Cloud computing and its key techniques},
	author={Chen, Quan and Deng, Qianni},
	journal={Journal of Computer Applications},
	year={2009},
	note={Recuperado 2015-08-20}
}
@article{aranganathan2011aco,
	title={An ACO algorithm for scheduling data intensive application with various QoS requirements},
	author={Aranganathan, S and Mehata, K.},
	journal={Int. J. Comput. Appl},
	volume={27},
	number={10},
	year={2011},
	publisher={Citeseer},
	note={Recuperado 2015-08-20}
}
@article{agarwal2014efficient,
	title="Efficient optimal algorithm of task scheduling in cloud computing environment",
	author="Agarwal, S and Jain, Saloni and others",
	journal="arXiv preprint arXiv:1404.2076",
	year="2014",
	note={Recuperado 2015-08-21}
}
@article{salot2013survey,
	title={A survey of various scheduling algorithm in cloud computing environment},
	author={Salot, Pinal},
	journal={IJRET: International Journal of Research in Engineering and Technology, ISSN},
	year={2013},
	note={Recuperado 2015-08-21}
}
@book{saroka2002sistemas,
	title={Sistemas de informaci{\'o}n en la era digital},
	author={Saroka S. and Ra{\'u}l Horacio},
	year={2002},
	publisher={Fundaci{\'o}n OSDE},
	note={Recuperado 2015-08-22}
	
}
@misc{mariscal2013computo,
	title={El C{\'o}mputo en la Nube en M{\'e}xico: Alcances y Desaf{\'\i}os para los Sectores P{\'u}blico y Privado. cIdE},
	author={Mariscal, J and Gil-Garcia, J},
	year={2013},
	note={Recuperado 2015-08-21}
}

@misc{calheiros2011cloudsim,
	title={CloudSim: a toolkit for modeling and simulation of cloud computing environments and evaluation of resource provisioning algorithms},
	author={Calheiros, R. N.},
	year={2011}
}
@article{shimpy2014different,
	title={Different Scheduling Algorithms In Different Cloud Environment},
	author={Shimpy, Er and Sidhu, Mr Jagandeep},
	journal={algorithms},
	volume={3},
	number={9},
	year={2014},
	note={Recuperado 2015-08-22}
}
@article{ahmed2012advanced,
	title={An advanced survey on cloud computing and state-of-the-art research issues},
	author={Chowdhury, ASMR and Ahmed, Mohiuddin and  Ahmed, Mustaq and Rafee, Md Mahmudul Hasan},
	journal={IJCSI International Journal of Computer Science Issues},
	volume={9},
	number={1},
	pages={1694--0814},
	year={2012},
	note={Recuperado 2015-08-20}
	
}
@article{li2014greedy,
	title={An greedy-based job scheduling algorithm in cloud computing},
	author={Li, Ji and Feng, Longhua and Fang, Shenglong},
	journal={Journal of Software},
	volume={9},
	number={4},
	pages={921--925},
	year={2014},
	note={Recuperado 2015-08-21}
	
}
@article{parsa2009rasa,
	title={RASA-A New Grid Task Scheduling Algorithm.},
	author={Parsa, Saeed and Entezari-Maleki, Reza},
	journal={JDCTA},
	volume={3},
	number={4},
	pages={91--99},
	year={2009},
	note={Recuperado 2015-08-22}
}
@article{delavar2012rsdc,
	title={RSDC (reliable scheduling distributed in cloud computing)},
	author={Delavar, Arash Ghorbannia and Javanmard, Mahdi and Shabestari, Mehrdad Barzegar and Talebi, Marjan Khosravi},
	journal={International Journal of Computer Science, Engineering and Applications (IJCSEA) Vol},
	volume={2},
	year={2012},
	note={Recuperado 2015-08-22}
}
@article{dakshayini2011optimal,
	title={An optimal model for priority based service scheduling policy for cloud computing environment},
	author={Dakshayini, M. and Guruprasad,  HS},
	journal={International Journal of Computer Applications},
	volume={32},
	number={9},
	pages={23--29},
	year={2011},
	publisher={International Journal of Computer Applications, 244 5 th Avenue,\# 1526, New York, NY 10001, USA India},
	note={Recuperado 2015-08-23}
}
@inproceedings{chen2013user,
	title={User-priority guided Min-Min scheduling algorithm for load balancing in cloud computing},
	author={Chen, Huankai and Wang, Frank and Helian, Na and Akanmu, Gbola},
	booktitle={Parallel Computing Technologies (PARCOMPTECH), 2013 National Conference on},
	pages={1--8},
	year={2013},
	organization={IEEE},
	note={Recuperado 2015-08-23}
}
@article{wu2013task,
	title={A task scheduling algorithm based on QoS-driven in Cloud Computing},
	author={Wu, Xiaonian and Deng, Mengqing and Zhang, Runlian and Zeng, Bing and Zhou, Shengyuan},
	journal={Procedia Computer Science},
	volume={17},
	pages={1162--1169},
	year={2013},
	note={Recuperado 2015-08-20}
}
@misc{redhat,
	title={The Technical Architecture of Red Hat Enterprise Virtualization Environments},
	author={Dover, Z. and Gordon, S. and Hildred, T},
	year={2013},
	note={Recuperado 2015-08-22}
}



@inproceedings{pandey2010,
	title={A particle swarm optimization-based heuristic for scheduling workflow applications in cloud computing environments},
	author={Pandey, Suraj and Wu, Linlin and Guru, Siddeswara Mayura and Buyya, Rajkumar},
	booktitle={Advanced Information Networking and Applications (AINA), 2010 24th IEEE International Conference on},
	pages={400--407},
	year={2010},
	organization={IEEE}
}

@article{poli2007,
	title={Particle swarm optimization},
	author={Poli, Riccardo and Kennedy, James and Blackwell, Tim},
	journal={Swarm intelligence},
	volume={1},
	number={1},
	pages={33--57},
	year={2007},
	publisher={Springer}
}

@book{osman2012,
	title={Meta-heuristics: theory and applications},
	author={Osman, Ibrahim H and Kelly, James P},
	year={2012},
	publisher={Springer Science \& Business Media}
}

@inproceedings{eberhart1995,
	title={A new optimizer using particle swarm theory},
	author={Eberhart, Russ C and Kennedy, James},
	booktitle={Proceedings of the sixth international symposium on micro machine and human science},
	volume={1},
	pages={39--43},
	year={1995},
	organization={New York, NY}
}

@article{naylor1967,
	title={Verification of computer simulation models},
	author={Naylor, Thomas H and Finger, Joseph Michael},
	journal={Management Science},
	volume={14},
	number={2},
	pages={B--92},
	year={1967},
	publisher={INFORMS}
}

@article{shannon1976,
	title={Systems simulation: the art and science},
	author={Shannon, Robert and Johannes, James D},
	journal={IEEE Transactions on Systems, Man, and Cybernetics},
	volume={10},
	number={6},
	pages={723--724},
	year={1976}
}






